<record xmlns='http://www.loc.gov/MARC21/slim'><leader>01255ccm a22003015u 4500</leader><controlfield tag='001'>4848993</controlfield><controlfield tag='005'>20121009112749.0</controlfield><controlfield tag='008'>060302s1931    nyu|||||||||||||||||eng|d</controlfield><datafield ind1='2' ind2='2' tag='028'><subfield code='a'>2748-2</subfield></datafield><datafield ind1=' ' ind2=' ' tag='035'><subfield code='a'>(OCoLC)179296082</subfield></datafield><datafield ind1=' ' ind2=' ' tag='035'><subfield code='a'>76934</subfield></datafield><datafield ind1='1' ind2=' ' tag='100'><subfield code='a'>Hopkins, H.P.</subfield></datafield><datafield ind1='1' ind2='0' tag='245'><subfield code='a'>Down a crooked lane :</subfield><subfield code='b'>(reverie) /</subfield><subfield code='c'>Hopkins.</subfield></datafield><datafield ind1=' ' ind2=' ' tag='260'><subfield code='a'>New York :</subfield><subfield code='b'>Century Music Publishing Co.,</subfield><subfield code='c'>[c1931].</subfield></datafield><datafield ind1=' ' ind2=' ' tag='300'><subfield code='a'>1 piano score (3 [1] p.) :</subfield><subfield code='b'>color illus. ;</subfield><subfield code='c'>31.5 cm.</subfield></datafield><datafield ind1=' ' ind2='4' tag='440'><subfield code='a'>The kiddies karnival of little tone pictures with words to sing if you like by H.P. Hopkins.</subfield></datafield><datafield ind1=' ' ind2=' ' tag='500'><subfield code='a'>Cover title.</subfield></datafield><datafield ind1=' ' ind2=' ' tag='500'><subfield code='a'>For piano.</subfield></datafield><datafield ind1=' ' ind2=' ' tag='500'><subfield code='a'>First line: Down a crooked pathway...</subfield></datafield><datafield ind1=' ' ind2=' ' tag='500'><subfield code='a'>Publisher&apos;s advertisements on lower wrapper.</subfield></datafield><datafield ind1=' ' ind2=' ' tag='500'><subfield code='a'>Cover illustration depicts clowns holding balloons that show scenes from the songs in the set.</subfield></datafield><datafield ind1=' ' ind2=' ' tag='500'><subfield code='a'>Small hole punched through both leaves.</subfield><subfield code='5'>NjP</subfield></datafield><datafield ind1=' ' ind2=' ' tag='561'><subfield code='a'>Diana R. Tillson Collection of Music for Children.</subfield></datafield><datafield ind1=' ' ind2=' ' tag='563'><subfield code='a'>Pub. white pictoral wrappers printed in brown.</subfield></datafield><datafield ind1=' ' ind2=' ' tag='653'><subfield code='a'>Children&apos;s music</subfield><subfield code='a'>Sets</subfield></datafield><datafield ind1='0' ind2=' ' tag='773'><subfield code='t'>Cotsen Children&apos;s Library Diana R. Tillson collection of children&apos;s sheet music,</subfield><subfield code='g'>3034</subfield><subfield code='w'>472739</subfield></datafield><datafield ind1=' ' ind2=' ' tag='902'><subfield code='a'>cotsen2</subfield><subfield code='b'>b</subfield><subfield code='6'>c</subfield><subfield code='7'>m</subfield><subfield code='d'>v</subfield><subfield code='f'>1</subfield><subfield code='e'>20050727</subfield></datafield><datafield ind1='8' ind2=' ' tag='852'><subfield code='0'>5048289</subfield><subfield code='b'>rcpxc</subfield><subfield code='h'>Sheet music 3034</subfield></datafield></record>